@article{partition1,
author = {Kaneko, Atsushi and Kano, M.},
title = {Balanced partitions of two sets of points in the plane},
year = {1999},
issue_date = {Oct. 1999},
publisher = {Elsevier Science Publishers B. V.},
address = {NLD},
volume = {13},
number = {4},
issn = {0925-7721},
url = {https://doi.org/10.1016/S0925-7721(99)00024-3},
doi = {10.1016/S0925-7721(99)00024-3},
journal = {Comput. Geom. Theory Appl.},
month = {10},
pages = {253–261},
numpages = {9},
keywords = {point set, plane, balanced partition}
}

@InProceedings{partition2,
author="Kaneko, Atsushi
and Kano, M.",
editor="Akiyama, Jin
and Kano, Mikio
and Urabe, Masatsugu",
title="Generalized Balanced Partitions of Two Sets of Points in the Plane",
booktitle="Discrete and Computational Geometry",
year="2001",
publisher="Springer Berlin Heidelberg",
address="Berlin, Heidelberg",
pages="176--186",
isbn="978-3-540-47738-9"
}

@Article{Bespamyatnikh2000,
author={Bespamyatnikh, S.
and Kirkpatrick, D.
and Snoeyink, J.},
title={Generalizing Ham Sandwich Cuts to Equitable Subdivisions},
journal={Discrete {\&} Computational Geometry},
year={2000},
month={1},
day={01},
volume={24},
number={4},
pages={605-622},
issn={1432-0444},
doi={10.1007/s004540010065},
url={https://doi.org/10.1007/s004540010065}
}

@inproceedings{partition3,
author = {Ito, Hiro and Uehara, Hideyuki and Yokoyama, Mitsuo},
title = {2-Dimension Ham Sandwich Theorem for Partitioning into Three Convex Pieces},
year = {1998},
isbn = {3540671811},
publisher = {Springer-Verlag},
address = {Berlin, Heidelberg},
booktitle = {Revised Papers from the Japanese Conference on Discrete and Computational Geometry},
pages = {129–157},
numpages = {29},
series = {JCDCG '98}
}

@Article{Sakai2002,
author={Sakai, Toshinori},
title={Balanced Convex Partitions of Measures in ℝ2},
journal={Graphs and Combinatorics},
year={2002},
month={3},
day={1},
volume={18},
number={1},
pages={169-192},
issn={1435-5914},
doi={10.1007/s003730200011},
url={https://doi.org/10.1007/s003730200011}
}

@Article{manual,
author={Miyuki UNO Kawano, T. and Kano, M.},
title={Bisections of Two Sets of Points in the Plane Lattice
},
journal={Graphs and Combinatorics},
year={2009},
month={2},
day={1},
volume={E92-A},
number={2},
pages={502-507},
issn={1745-1337},
doi={10.1587/transfun.E92.A.502}
}

@article{BEREG2009305,
title = {Orthogonal equipartitions},
journal = {Computational Geometry},
volume = {42},
number = {4},
pages = {305-314},
year = {2009},
issn = {0925-7721},
doi = {https://doi.org/10.1016/j.comgeo.2008.09.004},
url = {https://www.sciencedirect.com/science/article/pii/S0925772108000886},
author = {Sergey Bereg},
keywords = {Equipartition, Point measure, Absolutely continuous measure}
}
